@misc{eurocontrolData2025,
  author = {Eurocontrol},
  title = {ATM Datasets for R\&D},
  howpublished = {\url{https://www.eurocontrol.int}},
  year = {2025},
  note = {Data used under Terms of Use for Research and Development}
}
