@article{abou2020,
  title = {Compartmental models of the COVID-19 pandemic for physicians and physician-scientists},
  author = {Abou-Ismail, Anas},
  journal = {SN Comprehensive Clinical Medicine},
  year = {2020},
  volume = {2},
  number = {7},
  pages = {852--858},
  doi = {10.1007/s42399-020-00330-z},
  url = {https://doi.org/10.1007/s42399-020-00330-z}
}

@article{rozan2024,
  author = {Rozan, E. A. and Kuperman, M. N. and Bouzat, S.},
  title = {The Importance of the Incubation Time Distribution in Compartmental Epidemiological Models},
  journal = {Physica A: Statistical Mechanics and its Applications},
  year = {2024},
  volume = {650},
  pages = {129998},
  doi = {10.1016/j.physa.2024.129998}
}


@article{msemburi2023,
  author = {Msemburi, William and Karlinsky, Ariel and Knutson, Victoria and Aleshin-Guendel, Serge and Chatterji, Somnath and Wakefield, Jon},
  title = {The WHO estimates of excess mortality associated with the COVID-19 pandemic},
  journal = {Nature},
  year = {2023},
  volume = {613},
  number = {7942},
  pages = {130--137},
  doi = {10.1038/s41586-022-05522-2},
  url = {https://doi.org/10.1038/s41586-022-05522-2}
}

@article{chinazzi2020,
  author = {Matteo Chinazzi and Jessica T. Davis and Marco Ajelli and Corrado Gioannini and Maria Litvinova and Stefano Merler and Ana Pastore y Piontti and Kunpeng Mu and Luca Rossi and Kaiyuan Sun and Cécile Viboud and Xinyue Xiong and Hongjie Yu and M. Elizabeth Halloran and Ira M. Longini and Alessandro Vespignani },
  title = {The effect of travel restrictions on the spread of the 2019 novel coronavirus (COVID-19) outbreak},
  journal = {Science},
  volume = {368},
  number = {6489},
  pages = {395-400},
  year = {2020},
  doi = {10.1126/science.aba9757},
  URL = {https://www.science.org/doi/abs/10.1126/science.aba9757},
  eprint = {https://www.science.org/doi/pdf/10.1126/science.aba9757}
}


@dataset{ourairports2025,
  title = {OurAirports Dataset},
  year = {2025},
  url = {https://ourairports.com/data/},
  urldate = {2025-04-01},
  note = {Public Domain data}
}

@dataset{eurocontrol2025,
  title = {Aviation Data Repository for Research (ADRR)},
  institution = {{EUROCONTROL}},
  year = {2025},
  version = {Release v11 — April 2025},
  url = {https://www.eurocontrol.int/dashboard/aviation-data-research},
  urldate = {2025-07-10},
  note = {Access granted 18 Mar 2025; data retrieved 19 Mar–14 Apr 2025; analyses use tables as in ADRR v11 (Apr 2025).}
}

@techreport{eurocontrol2022seg,
  author = {EUROCONTROL STATFOR},
  title = {Market Segment 2022: Rules and Definitions},
  howpublished = {STATFOR Doc 689 v1.1},
  year = {2022},
  month = {may},
  url = {https://www.eurocontrol.int/sites/default/files/2022-05/eurocontrol-market-segment-update-2022-05.pdf},
  urldate = {2025-07-10},
  institution = {EUROCONTROL}
}

@techreport{eurocontrol2025meta,
  author = {EUROCONTROL},
  title = {Aviation Data Repository for Research – Metadata (FNI Doc 25, v6)},
  institution = {EUROCONTROL Network Manager},
  year = {2025},
  month = {apr},
  url = {https://www.eurocontrol.int/sites/default/files/2025-04/eurocontrol-aviation-data-repository-research-metadata.pdf},
  urldate = {2025-07-10},
}


@dataset{owid_pop2024,
  author = {Global Change Data Lab},
  title = {UN WPP 2024 – mid-2020 population estimates (OWID extract)},
  year = {2024},
  url = {https://github.com/owid/covid-19-data/blob/master/scripts/input/un/population_latest.csv},
  note = {CSV retrieved 2025-04-14; based on *World Population Prospects 2024* (UN DESA, Population Division)}
}

@software{wpp2024_pkg,
  author = {{{United Nations, DESA, Population Division} and Ševčíková, Hana and Raftery, Adrian E.},
  title = {wpp2024: World Population Prospects 2024},
  year = {2024},
  version = {1.1-3},
  url = {https://github.com/PPgp/wpp2024},
  urldate = {2025-06-17},
  note = {R package}
}

@article{karlinsky2021,
  title = {Tracking excess mortality across countries during the {COVID-19} pandemic with the World Mortality Dataset},
  author = {Karlinsky, Ariel and Kobak, Dmitry},
  journal = {eLife},
  year = {2021},
  volume = {10},
  pages = {e69336},
  doi = {10.7554/eLife.69336},
  url = {https://doi.org/10.7554/eLife.69336}
}

@article{kelly2021, 
  title = {Covid-19, non-Covid-19 and excess mortality rates not comparable across countries}, 
  volume = {149}, 
  doi = {10.1017/S0950268821001850}, 
  journal = {Epidemiology and Infection}, 
  author = {Kelly, Gabrielle and Petti, Stefano and Noah, Norman}, 
  year = {2021}, 
  pages = {e176}
}

@article{ioannidis2023,
  author = {John P. A. Ioannidis and Francesco Zonta and Michael Levitt},
  title = {Variability in excess deaths across countries with different vulnerability during 2020–2023},
  journal = {Proceedings of the National Academy of Sciences},
  volume = {120},
  number = {49},
  pages = {e2309557120},
  year = {2023},
  doi = {10.1073/pnas.2309557120},
  URL = {https://www.pnas.org/doi/abs/10.1073/pnas.2309557120},
  eprint = {https://www.pnas.org/doi/pdf/10.1073/pnas.2309557120}
}

@article{pizzato2024,
  title = {Impact of COVID-19 on total excess mortality and geographic disparities in Europe, 2020--2023: a spatio-temporal analysis},
  author = {Pizzato, Margherita and Gerli, Alberto Giovanni and La Vecchia, Carlo and Alicandro, Gianfranco},
  journal = {The Lancet Regional Health -- Europe},
  volume = {44},
  year = {2024},
  doi = {10.1016/j.lanepe.2024.100996},
  url = {https://doi.org/10.1016/j.lanepe.2024.100996},
}

@article{iacus2020,
  title = {Estimating and projecting air passenger traffic during the COVID-19 coronavirus outbreak and its socio-economic impact},
  journal = {Safety Science},
  volume = {129},
  pages = {104791},
  year = {2020},
  issn = {0925-7535},
  doi = {10.1016/j.ssci.2020.104791},
  url = {https://www.sciencedirect.com/science/article/pii/S0925753520301880},
  author = {Stefano Maria Iacus and Fabrizio Natale and Carlos Santamaria and Spyridon Spyratos and Michele Vespe},
  keywords = {COVID-19, Coronavirus, Air passengers data, Human mobility, Scenario analysis}
}

@article{brockmann2013,
  author = {Brockmann, Dirk and Helbing, Dirk},
  title = {The Hidden Geometry of Complex, Network-Driven Contagion Phenomena},
  journal = {Science},
  year = {2013},
  volume = {342},
  number = {6164},
  pages = {1337--1342},
  doi = {10.1126/science.1245200}
}

@article{matveeva2023,
  author = {Matveeva, Olga  and Shabalina, Svetlana A. },
  title = {Comparison of vaccination and booster rates and their impact on excess mortality during the COVID-19 pandemic in European countries},
  journal = {Frontiers in Immunology},
  volume = {14},
  year = {2023},
  url = {https://www.frontiersin.org/journals/immunology/articles/10.3389/fimmu.2023.1151311},
  doi = {10.3389/fimmu.2023.1151311},
  issn = {1664-3224}
}

@article{rahmanian2024,
  title = {Excess mortality and its determinants during the COVID-19 pandemic in 21 countries: an ecological study from the C-MOR project, 2020 and 2021},
  author = {Rahmanian Haghighi, Mohammad Reza and Pallari, Chryso Th and Achilleos, Souzana and Quattrocchi, Annalisa and Gabel, John and Artemiou, Andreas and Athanasiadou, Maria and Papatheodorou, Stefania and Liu, Tianyu and Cernuda Mart{\'\i}nez, Jos{\'e} Antonio and others},
  journal = {Journal of Epidemiology and Global Health},
  year = {2024},
  volume = {14},
  number = {4},
  pages = {1650--1661},
  doi = {10.1007/s44197-024-00320-7},
  url = {https://doi.org/10.1007/s44197-024-00320-7}
}


@article{strohmeier2021,
  author = {Strohmeier, M. and Olive, X. and L\"ubbe, J. and Sch\"afer, M. and Lenders, V.},
  title = {Crowdsourced air traffic data from the OpenSky Network 2019--2020},
  journal = {Earth System Science Data},
  volume = {13},
  year = {2021},
  number = {2},
  pages = {357--366},
  url = {https://essd.copernicus.org/articles/13/357/2021/},
  doi = {10.5194/essd-13-357-2021}
}


@inproceedings{suzumura2020,
  author = {Suzumura, Toyotaro and Kanezashi, Hiroki and Dholakia, Mishal and Ishii, Euma and Napagao, Sergio Alvarez and Pérez-Arnal, Raquel and Garcia-Gasulla, Dario},
  booktitle = {2020 IEEE International Conference on Big Data (Big Data)}, 
  title = {The Impact of COVID-19 on Flight Networks}, 
  year = {2020},
  pages = {2443-2452},
  keywords = {COVID-19;Economics;Government;Europe;Big Data;Unemployment;Surges},
  doi = {10.1109/BigData50022.2020.9378218}}

@article{sun2022_a,
  title = {COVID-19 pandemic and air transportation: Summary of Recent Research, Policy Consideration and Future Research Directions},
  journal = {Transportation Research Interdisciplinary Perspectives},
  volume = {16},
  pages = {100718},
  year = {2022},
  issn = {2590-1982},
  doi = {10.1016/j.trip.2022.100718},
  url = {https://www.sciencedirect.com/science/article/pii/S2590198222001786},
  author = {Xiaoqian Sun and Sebastian Wandelt and Anming Zhang}
}

@article{sun2022_b,
  title = {Ghostbusters: Hunting abnormal flights in Europe during COVID-19},
  journal = {Transport Policy},
  volume = {127},
  pages = {203-217},
  year = {2022},
  issn = {0967-070X},
  doi = {10.1016/j.tranpol.2022.08.020},
  url = {https://www.sciencedirect.com/science/article/pii/S0967070X22002396},
  author = {Xiaoqian Sun and Sebastian Wandelt and Anming Zhang},
  keywords = {COVID-19, Pandemic, Ghost flights, Europe, Load factor}
}


@misc{who2023end,
  author = {{World Health Organization}},
  title = {Statement on the fifteenth meeting of the {IHR} (2005) Emergency Committee on the {COVID-19} pandemic},
  howpublished = {WHO website},
  url = {https://www.who.int/news/item/05-05-2023-statement-on-the-fifteenth-meeting-of-the-international-health-regulations-(2005)-emergency-committee-regarding-the-coronavirus-disease-(covid-19)-pandemic},
  note = {Accessed 2025-04-14},
  month = {may},
  year = {2023}
}


@article{zhu2021,
  title = {The role of high-speed rail and air travel in the spread of COVID-19 in China},
  journal = {Travel Medicine and Infectious Disease},
  volume = {42},
  pages = {102097},
  year = {2021},
  issn = {1477-8939},
  doi = {10.1016/j.tmaid.2021.102097},
  url = {https://www.sciencedirect.com/science/article/pii/S1477893921001381},
  author = {Pengyu Zhu and Yuqing Guo},
  keywords = {High-speed railway, HSR, Air travel, Covid-19, Infectious diseases, Transport suspension}
}


@article{mokhtar2023,
  author = {Mokhtar, Siti and Yusof, Zahayu and Sapiri, Hasimah},
  year = {2023},
  month = {feb},
  pages = {30--42},
  title = {Confidence Intervals by Bootstrapping Approach: A Significance Review},
  volume = {19},
  journal = {Malaysian Journal of Fundamental and Applied Sciences},
  doi = {10.11113/mjfas.v19n1.2660}
}

@article{diciccio1996,
  author = {DiCiccio, Thomas J. and Efron, Bradley},
  title = {Bootstrap confidence intervals},
  journal = {Statistical Science},
  year = {1996},
  volume = {11},
  number = {3},
  pages = {189--228},
  doi = {10.1214/ss/1032280214}
}

@article{tong2016,
  author = {Tong, Lee-Ing and Saminathan, R. and Chang, C. W.},
  title = {Uncertainty Assessment of Non-normal Emission Estimates Using Non-Parametric Bootstrap Confidence Intervals},
  journal = {Journal of Environmental Informatics},
  year = {2016},
  volume = {28},
  number = {1},
  pages = {61--70},
  month = {sep},
  doi = {10.3808/jei.201500322}
}

@misc{okabe2008,
  author = {Okabe, Masataka and Ito, Kei},
  title = {Color Universal Design ({CUD}): How to make figures and presentations that are friendly to color-blind people},
  howpublished = {English translation on the JFly website},
  year = {2008},
  url = {https://jfly.uni-koeln.de/color/},
  note = {Originally published in Japanese, 2002. Accessed 2025-05-18}
}

@misc{eu-comm-2020-travel,
  author = {{European Commission}},
  title = {COMMUNICATION FROM THE COMMISSION TO THE EUROPEAN PARLIAMENT, THE EUROPEAN COUNCIL AND THE COUNCIL COVID-19: Temporary Restriction on Non-Essential Travel to the EU},
  howpublished = {Communication COM(2020) 115 final},
  year = {2020},
  month = {mar},
  url = {https://eur-lex.europa.eu/legal-content/EN/TXT/?uri=CELEX:52020DC0115},
  urldate = {2025-05-18},
  note = {Communication to the European Parliament, the European Council and the Council}
}

@misc{eu-council-2020-912,
  author = {{Council of the European Union}},
  title = {Council Recommendation (EU) 2020/912 of 30 June 2020 on the temporary restriction on non-essential travel into the EU and the possible lifting of such restriction},
  year = {2020},
  month = {jun},
  url = {https://eur-lex.europa.eu/legal-content/EN/TXT/?uri=CELEX:32020H0912},
  urldate = {2025-05-18}
}

@misc{CAAC2020,
  author = {{Civil Aviation Administration of China}},
  title = {Notice on Further Reducing International Passenger Flights during the Epidemic Prevention and Control Period},
  year = {2020},
  month = {mar},
  day = {26},
  url = {https://www.caac.gov.cn/English/News/202305/t20230515_219440.html},
  urldate = {2025-05-18},
  note = {Unofficial English translation}
}

@techreport{fraport2021,
  author = {{Fraport AG}},
  title = {Air Traffic Statistics 2020},
  institution = {Fraport AG},
  year = {2021},
  month = {may},
  url = {https://www.fraport.com/content/dam/fraport-company/documents/investoren/eng/aviation-statistics/Air_Traffic_Statistics_2020.pdf/_jcr_content/renditions/original.media_file.download_attachment.file/Air_Traffic_Statistics_2020.pdf},
  urldate = {2025-06-17},
  type= {Statistical report}
}

@misc{who2022timeline,
  author = {{World Health Organization}},
  title = {Timeline: {WHO}’s {COVID-19} response},
  year = {2022},
  month = {mar},
  url = {https://www.who.int/emergencies/diseases/novel-coronavirus-2019/interactive-timeline},
  urldate = {2025-06-28},
  note = {Dynamic page; data updated regularly}
}

@report{ecdcitaly2020,
  author = {{European Centre for Disease Prevention and Control}},
  title = {Outbreak of Novel Coronavirus Disease 2019 (COVID-19): Situation in Italy},
  type = {Threat Assessment Brief},
  institution = {ECDC},
  address = {Stockholm},
  date = {2020-02-23},
  url = {https://www.ecdc.europa.eu/en/publications-data/outbreak-novel-coronavirus-disease-2019-covid-19-situation-italy},
  urldate = {2025-06-28}
}

@article{warnocksmith2021,
  title = {Impact of COVID-19 on air transport passenger markets: Examining evidence from the Chinese market},
  journal = {Journal of Air Transport Management},
  volume = {94},
  pages = {102085},
  year = {2021},
  issn = {0969-6997},
  doi = {10.1016/j.jairtraman.2021.102085},
  url = {https://www.sciencedirect.com/science/article/pii/S0969699721000685},
  author = {David Warnock-Smith and Anne Graham and John F. O'Connell and Marina Efthymiou},
  urldate = {2025-06-21}

}

@misc{neuwirth2024,
  author = {Neuwirth, Christian},
  title = {Covid-19: Effects of Epidemic Arrival Time on the Global Variability of Excess Mortality},
  howpublished = {Blog post, Z_GIS – Theses [topics.ideas.suggestions.projects]},
  year = {2024},
  month = {nov},
  day = {13},
  url = {https://zgis-theses.blogspot.com/2024/11/covid-19-effects-of-spatial-propagation.html},
  urldate = {2025-06-21}
}

@article{spiteri2020,
   author = {Spiteri, Gianfranco and Fielding, James and Diercke, Michaela and Campese, Christine and Enouf, Vincent and Gaymard, Alexandre and Bella, Antonino and Sognamiglio, Paola and Sierra Moros, Maria José and Riutort, Antonio Nicolau and Demina, Yulia V. and Mahieu, Romain and Broas, Markku and Bengnér, Malin and Buda, Silke and Schilling, Julia and Filleul, Laurent and Lepoutre, Agnès and Saura, Christine and Mailles, Alexandra and Levy-Bruhl, Daniel and Coignard, Bruno and Bernard-Stoecklin, Sibylle and Behillil, Sylvie and van der Werf, Sylvie and Valette, Martine and Lina, Bruno and Riccardo, Flavia and Nicastri, Emanuele and Casas, Inmaculada and Larrauri, Amparo and Salom Castell, Magdalena and Pozo, Francisco and Maksyutov, Rinat A. and Martin, Charlotte and Van Ranst, Marc and Bossuyt, Nathalie and Siira, Lotta and Sane, Jussi and Tegmark-Wisell, Karin and Palmérus, Maria and Broberg, Eeva K. and Beauté, Julien and Jorgensen, Pernille and Bundle, Nick and Pereyaslov, Dmitriy and Adlhoch, Cornelia and Pukkila, Jukka and Pebody, Richard and Olsen, Sonja and Ciancio, Bruno Christian},
   title = {First cases of coronavirus disease 2019 (COVID-19) in the WHO European Region, 24 January to 21 February 2020},
   journal = {Eurosurveillance},
   year = {2020},
   volume = {25},
   number = {9}, 
   eid = {2000178},
   url = {https://www.eurosurveillance.org/content/10.2807/1560-7917.ES.2020.25.9.2000178},
   doi = {10.2807/1560-7917.ES.2020.25.9.2000178}
}

@article{mathieu2021owidvaccinations,
  title   = {A global database of COVID-19 vaccinations},
  author  = {Mathieu, Edouard and Ritchie, Hannah and Ortiz-Ospina, Esteban and Roser, Max and Hasell, Joe and Appel, Cameron and Giattino, Charlie and Rodés-Guirao, Lucas},
  journal = {Nature Human Behaviour},
  year    = {2021},
  volume  = {5},
  number  = {7},
  pages   = {947--953},
  doi     = {10.1038/s41562-021-01122-8},
  issn    = {2397-3374},
}
