@Article{essd-13-357-2021,
AUTHOR = {Strohmeier, M. and Olive, X. and L\"ubbe, J. and Sch\"afer, M. and Lenders, V.},
TITLE = {Crowdsourced air traffic data from the OpenSky Network 2019--2020},
JOURNAL = {Earth System Science Data},
VOLUME = {13},
YEAR = {2021},
NUMBER = {2},
PAGES = {357--366},
URL = {https://essd.copernicus.org/articles/13/357/2021/},
DOI = {10.5194/essd-13-357-2021}
}
